01REMESSA01COBRANCA       1795410265855000106                               748Sicredi        201709220000001                                                                                                                                                                                                                                                                                 02.00000001
1AAA            AAB                            172320013      20170922N B0000              0200            01300917         KNN22091700203009170000000000000             00000000000001 00040306413850Raphael Fernando Paez com maior de 40 c Av Orlando Ranieri 7-108                305  0 17047001102658550001061AAA            AAB                            172320013      20170922N B0000              0200            01300917         KNN22091700203009170000000000000             00000000000001 00040306413850Raphael Fernando Paez com maior de 40 c Av Orlando Ranieri 7-108                305  0 1704700110265855000106E R Fassoni Computacao Grafica           000002
9174817954                                                                                                                                                                                                                                                                                                                                                                                                         000003